@techreport{housley2002internet,
  title={Internet X. 509 public key infrastructure certificate and certificate revocation list (CRL) profile},
  author={Housley, Russell and Polk, William and Ford, Warwick and Solo, David},
  year={2002}
}
@inproceedings{Holz:2011:SLT:2068816.2068856,
 author = {Holz, Ralph and Braun, Lothar and Kammenhuber, Nils and Carle, Georg},
 title = {The SSL Landscape: A Thorough Analysis of the x.509 PKI Using Active and Passive Measurements},
 booktitle = {Proceedings of the 2011 ACM SIGCOMM Conference on Internet Measurement Conference},
 series = {IMC '11},
 year = {2011},
 isbn = {978-1-4503-1013-0},
 location = {Berlin, Germany},
 pages = {427--444},
 numpages = {18},
 url = {http://doi.acm.org/10.1145/2068816.2068856},
 doi = {10.1145/2068816.2068856},
 acmid = {2068856},
 publisher = {ACM},
 address = {New York, NY, USA},
 keywords = {HTTPS, SSL, TLS, X.509, certificates, public key infrastructure},
}
@inproceedings{Cangialosi:2016:MAP:2976749.2978301,
 author = {Cangialosi, Frank and Chung, Taejoong and Choffnes, David and Levin, Dave and Maggs, Bruce M. and Mislove, Alan and Wilson, Christo},
 title = {Measurement and Analysis of Private Key Sharing in the HTTPS Ecosystem},
 booktitle = {Proceedings of the 2016 ACM SIGSAC Conference on Computer and Communications Security},
 series = {CCS '16},
 year = {2016},
 isbn = {978-1-4503-4139-4},
 location = {Vienna, Austria},
 pages = {628--640},
 numpages = {13},
 url = {http://doi.acm.org/10.1145/2976749.2978301},
 doi = {10.1145/2976749.2978301},
 acmid = {2978301},
 publisher = {ACM},
 address = {New York, NY, USA},
 keywords = {CDN, HTTPs, PKI, SSL, TLS, certificates, content delivery network, key management, key sharing, public key infrastructure},
}
@inproceedings{Liu:2015:EMC:2815675.2815685,
 author = {Liu, Yabing and Tome, Will and Zhang, Liang and Choffnes, David and Levin, Dave and Maggs, Bruce and Mislove, Alan and Schulman, Aaron and Wilson, Christo},
 title = {An End-to-End Measurement of Certificate Revocation in the Web's PKI},
 booktitle = {Proceedings of the 2015 Internet Measurement Conference},
 series = {IMC '15},
 year = {2015},
 isbn = {978-1-4503-3848-6},
 location = {Tokyo, Japan},
 pages = {183--196},
 numpages = {14},
 url = {http://doi.acm.org/10.1145/2815675.2815685},
 doi = {10.1145/2815675.2815685},
 acmid = {2815685},
 publisher = {ACM},
 address = {New York, NY, USA},
 keywords = {certificates, extended validation, web browsers, crlset, https, pki, revocation, ssl, tls, x.509},
}
@article{ristic2013openssl,
  title={OpenSSL cookbook},
  author={Ristic, I},
  journal={Feisty Duck},
  year={2013}
}
@inproceedings{naylor2014cost,
  title={The cost of the S in HTTPS},
  author={Naylor, David and Finamore, Alessandro and Leontiadis, Ilias and Grunenberger, Yan and Mellia, Marco and Munaf{\`o}, Maurizio and Papagiannaki, Konstantina and Steenkiste, Peter},
  booktitle={Proceedings of the 10th ACM International on Conference on emerging Networking Experiments and Technologies},
  pages={133--140},
  year={2014},
  organization={ACM}
}
@inproceedings{Durumeric:2013:AHC:2504730.2504755,
 author = {Durumeric, Zakir and Kasten, James and Bailey, Michael and Halderman, J. Alex},
 title = {Analysis of the HTTPS Certificate Ecosystem},
 booktitle = {Proceedings of the 2013 Conference on Internet Measurement Conference},
 series = {IMC '13},
 year = {2013},
 isbn = {978-1-4503-1953-9},
 location = {Barcelona, Spain},
 pages = {291--304},
 numpages = {14},
 url = {http://doi.acm.org/10.1145/2504730.2504755},
 doi = {10.1145/2504730.2504755},
 acmid = {2504755},
 publisher = {ACM},
 address = {New York, NY, USA},
 keywords = {HTTPS, SSL, TLS, certificates, internet-wide scanning, measurement, public-key infrastructure, security, x.509},
} 
@inproceedings{Zhang:2014:ASC:2663716.2663758,
 author = {Zhang, Liang and Choffnes, David and Levin, Dave and Dumitras, Tudor and Mislove, Alan and Schulman, Aaron and Wilson, Christo},
 title = {Analysis of SSL Certificate Reissues and Revocations in the Wake of Heartbleed},
 booktitle = {Proceedings of the 2014 Conference on Internet Measurement Conference},
 series = {IMC '14},
 year = {2014},
 isbn = {978-1-4503-3213-2},
 location = {Vancouver, BC, Canada},
 pages = {489--502},
 numpages = {14},
 url = {http://doi.acm.org/10.1145/2663716.2663758},
 doi = {10.1145/2663716.2663758},
 acmid = {2663758},
 publisher = {ACM},
 address = {New York, NY, USA},
 keywords = {certificates, extended validation, heartbleed, https, reissue, revocation, ssl, tls, x.509},
} 
@techreport{laurie2013certificate,
  title={Certificate transparency},
  author={Laurie, Ben and Langley, Adam and Kasper, Emilia},
  year={2013}
}